@phdthesis{fielding00,
  added-at             = {2006-06-02T10:56:25.000+0200},
  author               = {Fielding, Roy T.},
  biburl               = {https://www.bibsonomy.org/bibtex/28e43e9d058f60876e5dd1f9cfcaff933/jil},
  citeulike-article-id = {125581},
  interhash            = {833ffb7e240120036017a40097125555},
  intrahash            = {8e43e9d058f60876e5dd1f9cfcaff933},
  keywords             = {dissertation architecture rest style seminar2006 fielding wichtig grundlage},
  priority             = {4},
  school               = {University of California, Irvine},
  timestamp            = {2013-11-23T20:11:51.000+0100},
  title                = {Architectural Styles and the Design of Network-based Software Architectures},
  url                  = {http://www.ics.uci.edu/~fielding/pubs/dissertation/top.htm},
  year                 = 2000
}

 @misc{restful_api,
  title   = {What is rest},
  url     = {https://restfulapi.net/},
  journal = {REST API Tutorial},
  author  = {Ravan and Admin and Jay and Person and Young, Dave and Packer, Jason and Choudhary, Chandrajeet and Luis and Tiamo and Alexander and et al.},
  year    = {2022},
  month   = {Feb}
}

 @misc{http_metods,
  title   = {HTTP request methods - http: MDN},
  url     = {https://developer.mozilla.org/en-US/docs/Web/HTTP/Methods},
  journal = {HTTP | MDN},
  key     = {htt}
}

@misc{http_codes,
  author = {Lokesh Gupta},
  title  = {HTTP Status Codes [online]},
  url    = {https://restfulapi.net/http-status-codes/},
  type   = {web page},
  note   = {[cit. 09-04-2022]}
}

 @misc{graphql_fb,
  title   = {GraphQL: A data query language},
  url     = {https://engineering.fb.com/2015/09/14/core-data/graphql-a-data-query-language/},
  journal = {Engineering at Meta},
  author  = {Byron, Lee},
  year    = {2018},
  month   = {Jun}
}

 @book{graphql_query_img,
  title     = {GraphQL dotaz},
  url       = {https://engineering.fb.com/wp-content/uploads/2015/09/GItytQBz1lxmkpsBAJVp1VIAAAAAbj0JAAAB.jpg},
  journal   = {GraphQL: A data query language},
  author    = {Byron, Lee},
  year      = {2018},
  month     = {Jun},
  publisher = {Engineering at Meta}
} 

@manual{google-trends,
  title        = {Google Trends - REST API, GraphQL a gRPC},
  organization = {Google},
  url          = {https://trends.google.com/trends/explore?date=all&q=\%2Fm\%2F03nsxd,\%2Fg\%2F11cp5mklv8,\%2Fg\%2F11cn3w0w9t},
  note         = {[cit. 2022-04-09]},
  key          = {trends}
}

@misc{grpc,
  author = {gRPC},
  title  = {gRPC: A high performance, open source universal RPC framework},
  url    = {https://grpc.io/},
  type   = {web page},
  note   = {[cit. 10-04-2022]}
}

@misc{grpc_requirements,
  author = {Louis Ryan},
  title  = {gRPC Motivation and Design Principles},
  url    = {https://grpc.io/blog/principles/},
  type   = {web page},
  note   = {[cit. 10-04-2022]}
}

 @misc{proto_scalars,
  title     = {Language guide (PROTO3) - Scalar Value Types},
  url       = {https://developers.google.com/protocol-buffers/docs/proto3\#scalar},
  journal   = {Google},
  publisher = {Google},
  type      = {web page},
  note      = {[cit. 12-04-2022]},
  key       = {proto_scalars}
}

 @misc{node,
  title   = {Node.js},
  url     = {https://nodejs.org/en/},
  type    = {web page},
  note    = {[cit. 12-04-2022]},
  journal = {Node.js},
  key     = {proto_scalars}
} 

@misc{v8,
  title   = {V8},
  url     = {https://v8.dev/},
  type    = {web page},
  note    = {[cit. 12-04-2022]},
  journal = {V8 JavaScript engine},
  key     = {v8}
}

@misc{npm,
  title   = {NPM},
  url     = {https://www.npmjs.com/},
  type    = {web page},
  note    = {[cit. 12-04-2022]},
  journal = {npm},
  key     = {npm}
}

@misc{yarn,
  title   = {yarn},
  url     = {https://yarnpkg.com/},
  type    = {web page},
  note    = {[cit. 12-04-2022]},
  journal = {Yarn},
  author  = {Yarnpkg}
}

 @misc{left_pad,
  title     = {Kik, left-pad, and NPM},
  url       = {https://blog.npmjs.org/post/141577284765/kik-left-pad-and-npm},
  journal   = {npm Blog Archive: kik, left-pad, and npm},
  publisher = {npmjs.com},
  author    = {Schlueter, Isaac Z.},
  year      = {2016},
  month     = {Mar}
} 